@article{presto2009ventilacao,
  title={Ventila{\c{c}}{\~a}o n{\~a}o-invasiva e fisioterapia respirat{\'o}ria para pacientes com esclerose lateral amiotr{\'o}fica},
  author={Presto, Bruno and Orsini, Marco and Presto, Luciana DN and Calheiros, Miriam and de Freitas, Marcos RG and Mello, Mariana P and Reis, Carlos HM and Nascimento, Osvaldo JM and others},
  year={2009}
}


@article{fonseca2010proposta,
  title={Proposta de um conte{\'u}do de orienta{\c{c}}{\~o}es emergenciais para profissionais da sa{\'u}de que assistem pacientes com esclerose lateral amiotr{\'o}fica [Monografia]},
  author={Fonseca, LETICIA ALVES},
  journal={S{\~a}o Paulo: Escola Paulista de Medicina-UNIFESP},
  year={2010}
}

@article{garcia2019comparativo,
  title={COMPARATIVO ENTRE OS MODELOS DE BANCO DE DADOS RELACIONAL E N{\~A}O-RELACIONAL},
  author={Garcia, Vin{\'\i}cius Salles and Sotto, Eder Carlos Salazar},
  journal={Revista Interface Tecnol{\'o}gica},
  volume={16},
  number={2},
  pages={12--24},
  year={2019}
}







@article{de2012esclerose,
  title={Esclerose Lateral Amiotr{\'o}fica: Uma Revis{\~a}o Do Estado Da Arte Para Sistemas De Monitoramento Em Homecare},
  author={de Morais, Ant{\^o}nio Higor Freire and de Medeiros Valentim, Ricardo Alexsandro and Brand{\~a}o, Gl{\'a}ucio Bezerra},
  journal={Revista Brasileira de Inova{\c{c}}{\~a}o Tecnol{\'o}gica em Sa{\'u}de-ISSN: 2236-1103},
  year={2012}
}

@misc{ferreira2015analise,
  title={An{\'a}lise de desempenho de Bancos de Dados},
  author={Ferreira, Erick Rodrigues and J{\'u}nior, Sergio M Trad},
  year={2015}
}




@article{morais2015fuzzy,
  title={Fuzzy angel: uma arquitetura distribu{\'\i}da de telemedicina para monitoramento de pacientes com esclerose lateral amiotr{\'o}fica},
  author={Morais, Antonio Higor Freire de},
  year={2015},
  publisher={Universidade Federal do Rio Grande do Norte}
}

@article{namiot2015time,
  title={Time Series Databases.},
  author={Namiot, Dmitry},
  journal={DAMDID/RCDL},
  volume={1536},
  pages={132--137},
  year={2015}
}















@article{oauth2,
  title={The OAuth 2.0 authorization framework},
  author={Hardt, Dick},
  year={2012}
}

@article{https,
  title={Http over tls},
  author={Rescorla, Eric},
  year={2000}
}

@article{http2,
  title={Hypertext transfer protocol version 2 (http/2)},
  author={Belshe, Mike and Thomson, Martin and Peon, Roberto},
  year={2015}
}

@INPROCEEDINGS{7828735, 
author={R. P. N. Budiarti and N. Widyatmoko and M. Hariadi and M. H. Purnomo}, 
booktitle={2016 International Seminar on Intelligent Technology and Its Applications (ISITIA)}, 
title={Web scraping for automated water quality monitoring system: A case study of PDAM Surabaya}, 
year={2016}, 
pages={641-648}, 
keywords={Web scraping;online real-time;water monitoring sensor}, 
doi={10.1109/ISITIA.2016.7828735}, 
month={July},}

@article{polling,
  author = {Jenq-Shiou Leu, and Chi-Feng Chen, and Kun-Che Hsu, },
  title = {Improving Heterogeneous SOA-Based IoT Message Stability by Shortest Processing Time Scheduling},
  journal = {IEEE Transactions on Services Computing},
  volume = {7},
  number = {4},
  issn = {1939-1374},
  year = {2014},
  pages = {575-585},
  doi = {doi.ieeecomputersociety.org/10.1109/TSC.2013.30},
  publisher = {IEEE Computer Society},
  address = {Los Alamitos, CA, USA},
}

@INPROCEEDINGS{siot, 
  author={R. Girau and M. Nitti and L. Atzori}, 
  booktitle={2013 Seventh International Conference on Innovative Mobile and Internet Services in Ubiquitous Computing}, 
  title={Implementation of an Experimental Platform for the Social Internet of Things}, 
  year={2013}, 
  pages={500-505}, 
  keywords={Internet of Things;social networking (online);SIoT functionality;SIoT platform;human behavior;object communication handling;relationship creation;social Internet of Things;social networking;Internet;Portable computers;Protocols;Sensors;Servers;Social network services;XML;Internet of Things;IoT platforms;social network}, 
  doi={10.1109/IMIS.2013.90}, 
  month={July},
}

@article{bigdata,
  title={Data science and its relationship to big data and data-driven decision making},
  author={Provost, Foster and Fawcett, Tom},
  journal={Big Data},
  volume={1},
  number={1},
  pages={51--59},
  year={2013},
  publisher={Mary Ann Liebert, Inc. 140 Huguenot Street, 3rd Floor New Rochelle, NY 10801 USA}
}

@article{sobreiot,
  title={Internet das Coisas: da Teoria {\`a} Pr{\'a}tica.},
  author={Santos, Bruno P and Silva, Lucas AM and Celes, Clayson SFS and Borges, Jo{\~a}o B and Neto, Bruna S Peres and Vieira, Marcos Augusto M and Vieira, Luiz Filipe M and Goussevskaia, Olga N and Loureiro, Antonio AF}
}

@INPROCEEDINGS{domotica,
title = "Are our homes ready for services? A domotic infrastructure based on the Web service stack ",
journal = "Pervasive and Mobile Computing ",
volume = "4",
number = "4",
pages = "506 - 525",
year = "2008",
note = "",
issn = "1574-1192",
doi = "http://dx.doi.org/10.1016/j.pmcj.2008.01.002",
author = "Marco Aiello and Schahram Dustdar",
keywords = "Domotics",
keywords = "Web service stack",
keywords = "WS-Notification",
keywords = "Publish/subscribe "
}

@INPROCEEDINGS{industria40, 
author={G. J. Cheng and L. T. Liu and X. J. Qiang and Y. Liu}, 
booktitle={2016 International Conference on Information System and Artificial Intelligence (ISAI)}, 
title={Industry 4.0 Development and Application of Intelligent Manufacturing}, 
year={2016}, 
pages={407-410}, 
keywords={Automobiles;Industries;Internet;Manufacturing;Production facilities;Solid modeling;Cyber Physical System;Intelligent Manufacturing;c Industry 4.0}, 
doi={10.1109/ISAI.2016.0092}, 
month={June},}

@Article{Lasi2014,
author="Lasi, Heiner and Fettke, Peter and Kemper, Hans-Georg and Feld, Thomas and Hoffmann, Michael",
title="Industry 4.0",
journal="Business {\&} Information Systems Engineering",
year="2014",
volume="6",
number="4",
pages="239--242",
issn="1867-0202",
doi="10.1007/s12599-014-0334-4"
}

@article{Lilis2017473,
title = "Towards the next generation of intelligent building: An assessment study of current automation and future IoT based systems with a proposal for transitional design ",
journal = "Sustainable Cities and Society ",
volume = "28",
number = "",
pages = "473 - 481",
year = "2017",
note = "",
issn = "2210-6707",
doi = "http://dx.doi.org/10.1016/j.scs.2016.08.019",
author = "Georgios Lilis and Gilbert Conus and Nastaran Asadi and Maher Kayal",
keywords = "Smart cities",
keywords = "Smart grid",
keywords = "Smart building",
keywords = "Intelligent building",
keywords = "Building management system",
keywords = "Internet of Things "
}

@article{Miorandi20121497,
title = "Internet of things: Vision, applications and research challenges ",
journal = "Ad Hoc Networks ",
volume = "10",
number = "7",
pages = "1497 - 1516",
year = "2012",
note = "",
issn = "1570-8705",
doi = "http://dx.doi.org/10.1016/j.adhoc.2012.02.016",
author = "Daniele Miorandi and Sabrina Sicari and Francesco De Pellegrini and Imrich Chlamtac",
keywords = "Internet-of-Things",
keywords = "Web",
keywords = "Smart objects",
keywords = "RFID",
keywords = "Sensors",
keywords = "Actuators",
keywords = "Interoperability",
keywords = "Security ",
abstract = "The term “Internet-of-Things” is used as an umbrella keyword for covering various aspects related to the extension of the Internet and the Web into the physical realm, by means of the widespread deployment of spatially distributed devices with embedded identification, sensing and/or actuation capabilities. Internet-of-Things envisions a future in which digital and physical entities can be linked, by means of appropriate information and communication technologies, to enable a whole new class of applications and services. In this article, we present a survey of technologies, applications and research challenges for Internet-of-Things. "
}


@article{kolban2015kolban,
  title={Kolban’s Book on ESP8266},
  author={Kolban, Neil},
  journal={an introductory book on ESP8266},
  year={2015}
}

@article{roeck2016smart,
  title={Smart gardens-automa{\c{c}}{\~a}o e monitoramento inteligente da agricultura},
  author={Roeck, Andre Gustavo Weise and Silva, Lucas Wolff da and others},
  year={2016},
  publisher={Florian{\'o}polis, SC}
}

@article{vassoler2016mudancca,
  title={MUDAN{\c{C}}A DE TECNOLOGIA E COMO ISSO PODE AJUDAR NA REDU{\c{C}}{\~A}O DE CONSUMO NA ILUMINA{\c{C}}{\~A}O DAS EMPRESAS},
  author={Vassoler, Volnei},
  journal={Revista Gest{\~a}o \& Sustentabilidade Ambiental},
  volume={5},
  number={2},
  pages={382--397},
  year={2016}
}

@book{richardson2008restful,
  title={RESTful web services},
  author={Richardson, Leonard and Ruby, Sam},
  year={2008},
  publisher={" O'Reilly Media, Inc."}
}

@article{tilkov2010node,
  title={Node. js: Using JavaScript to build high-performance network programs},
  author={Tilkov, Stefan and Vinoski, Steve},
  journal={IEEE Internet Computing},
  volume={14},
  number={6},
  pages={80--83},
  year={2010},
  publisher={IEEE}
}

@inproceedings{de2015maturing,
  title={Maturing, Consolidation and Performance of NoSQL Databases-Comparative Study},
  author={de Souza, Vanessa Cristina Oliveira and dos Santos, Marcus Vin{\'\i}cius Carli},
  booktitle={Proceedings of the annual conference on Brazilian Symposium on Information Systems: Information Systems: A Computer Socio-Technical Perspective-Volume 1},
  pages={32},
  year={2015},
  organization={Brazilian Computer Society}
}

@inproceedings{araujo2017arquitetura,
  title={Arquitetura geral de um sistema para automa{\c{c}}{\~a}o residen-cial utilizando plataformas abertas},
  author={Araujo, D and Costa, J and Silva, DRC and Nogueira, MB and Rodrigues, MC},
  booktitle={XIII Simp{\'o}sio Brasileiro de Automa{\c{c}}{\~a}o Inteligente, 2017 Brazilian Symposium on. Universidade Federal do Rio Grande do Sul},
  pages={1--6},
  year={2017}
}